@Book{gpml,
  author = "Rasmussen, C.E. and Williams C. K. I.",
  title = "Gaussian Processes for Machine Learning",
  publisher = "MIT Press",
  year = "2006",
}